@article{Treguier1999,
annote = {Similar experiment to mine. Analyze EDFD in combination with isopycnal inclination. 
Yet, use an idealized channel model and a surface flux.
Report of a secondary circulation!},
author = {Treguier, a. M.},
journal = {Journal of Marine Research},
pages = {89--108},
title = {{Evaluating eddy mixing coefficients from eddy-resolving ocean models: A case study}},
volume = {57},
year = {1999}
}
@article{Dengler2004,
author = {Dengler, M. and Schott, F. A. and Eden, C. and Brandt, P. and Fischer, J. and Zantopp, R. J.},
journal = {Nature},
pages = {1018--1020},
title = {{Break-up of the Atlantic deep western boundary current into eddies at 8$^\circ$ S}},
volume = {432},
year = {2004}
}
@article{Lozier2010,
author = {Lozier, M. Susan},
journal = {Science},
pages = {1507--1511},
title = {{Deconstructing the conveyor belt}},
volume = {328},
year = {2010}
}
@article{Weatherly2000,
author = {Weatherly, Georges and Kim, Yoo Yin and Kontar, Evgeny A.},
journal = {Journal of Physical Oceanography},
pages = {971--986},
title = {{Eulerian Measurements of the North Atlantic Deep Water Deep Western Boundary Current at 18° S}},
volume = {30},
year = {2000}
}
@article{Swallow1961,
author = {Swallow, J.C. and Worthington, L.V.},
journal = {Deep Sea Research (1953)},
pages = {1IN1--19IN3},
title = {{An observation of a deep countercurrent in the Western North Atlantic}},
volume = {8},
year = {1961}
}
@article{VonStorch2016,
author = {von Storch, Jin Song and Haak, Helmuth and Hertwig, Eileen and Fast, Irina},
journal = {Ocean Modelling},
pages = {1--19},
publisher = {Elsevier Ltd},
title = {{Vertical heat and salt fluxes due to resolved and parameterized meso-scale Eddies}},
volume = {108},
year = {2016}
}
@misc{Marshall1981,
author = {Marshall, John and Shutts, Glenn},
booktitle = {Journal of Physical Oceanography},
pages = {1677--1680},
title = {{A Note on Rotational and Divergent Eddy Fluxes}},
volume = {11},
year = {1981}
}
@article{Drijfhout2001,
annote = {Deal mainly with PV eddy fluxes and compare the clore hereof with a GM-like thickness closure.
FInd mainly downgradient transport!},
author = {Drijfhout, Sybren S. and Hazeleger, Wilco and Drijfhout, Sybren S. and Hazeleger, Wilco},
journal = {Journal of Physical Oceanography},
pages = {481--505},
title = {{Eddy Mixing of Potential Vorticity versus Thickness in an Isopycnic Ocean Model}},
volume = {31},
year = {2001}
}
@article{LeBel2008,
author = {LeBel, Deborah A. and Smethie, William M. and Rhein, Monika and Kieke, Dagmar and Fine, Rana A. and Bullister, John L. and Min, Dong Ha and Roether, Wolfgang and Weiss, Ray F. and Andri{\'{e}}, Chantal and Smythe-Wright, Denise and {Peter Jones}, E.},
journal = {Deep-Sea Research Part I: Oceanographic Research Papers},
pages = {891--910},
title = {{The formation rate of North Atlantic Deep Water and Eighteen Degree Water calculated from CFC-11 inventories observed during WOCE}},
volume = {55},
year = {2008}
}
@article{Sijp2012,
author = {Sijp, Willem P. and Gregory, Jonathan M. and Tailleux, Remi and Spence, Paul},
journal = {Journal of Physical Oceanography},
pages = {628--643},
title = {{The Key Role of the Western Boundary in Linking the AMOC Strength to the North–South Pressure Gradient}},
volume = {42},
year = {2012}
}
@article{Bryden2005,
author = {Bryden, Harry L. and Longworth, Hannah R. and Cunningham, Stuart A.},
journal = {Nature},
pages = {655--657},
title = {{Slowing of the Atlantic meridional overturning circulation at 25$^\circ$ N}},
volume = {438},
year = {2005}
}
@article{Schott2005,
author = {Schott, Friedrich a. and Dengler, Marcus and Zantopp, Rainer and Stramma, Lothar and Fischer, J{\"{u}}rgen and Brandt, Peter},
journal = {Journal of Physical Oceanography},
pages = {2031--2053},
title = {{The Shallow and Deep Western Boundary Circulation of the South Atlantic at 5°–11°S}},
volume = {35},
year = {2005}
}
@article{Ferrari2016,
author = {Ferrari, Raffaele and Mashayek, Ali and McDougall, Trevor J. and Nikurashin, Maxim and Campin, Jean-Michael},
journal = {Journal of Physical Oceanography},
pages = {2239--2261},
title = {{Turning Ocean Mixing Upside Down}},
volume = {46},
year = {2016}
}
@article{Johns2008,
author = {Johns, W.E. and Beal, L.M. and Baringer, M.O. and Molina, J.R. and Cunningham, S.a. and Kanzow, T. and Rayner, D.},
journal = {Journal of Physical Oceanography},
pages = {605--623},
title = {{Variability of shallow and deep western boundary currents off the Bahamas during 2004–05: results from the 26°N RAPID–MOC Array}},
volume = {38},
year = {2008}
}
@article{Meinen2006,
author = {Meinen, Christopher S. and Baringer, Molly O. and Garzoli, Silvia L.},
journal = {Geophysical Research Letters},
pages = {1--5},
title = {{Variability in deep Western boundary current transports: Preliminary results from 26.5$^/circ$N in the Atlantic}},
volume = {33},
year = {2006}
}
@article{Broecker1991,
author = {Broecker, Wallace S.},
journal = {Oceanography},
pages = {79--89},
title = {{The Great Ocean Conveyor}},
volume = {4},
year = {1991}
}
@article{Jenkins1980,
author = {Jenkins, William J. and Rhines, Peter B.},
journal = {Nature},
pages = {877--880},
title = {{Tritium in the deep North Atlantic Ocean}},
volume = {286},
year = {1980}
}
@article{Berloff2005,
annote = {Use a different approach getting the eddy fluxes: Remove a mean component that is computed like in a coarse-resolution ocean model.},
author = {Berloff, Pavel S.},
journal = {Dynamics of Atmospheres and Oceans},
pages = {123--146},
title = {{On dynamically consistent eddy fluxes}},
volume = {38},
year = {2005}
}
@article{Griesel2014,
author = {Griesel, A. and McClean, J. L. and Gille, S. T. and Sprintall, J. and Eden, C.},
journal = {Journal of Physical Oceanography},
pages = {644--661},
title = {{Eulerian and Lagrangian Isopycnal Eddy Diffusivities in the Southern Ocean of an Eddying Model}},
volume = {44},
year = {2014}
}
@article{Roberts2000,
annote = {decomposition rotaional / divergent eddy fluxes. use raw eddy fluxes and not divergence. FInd upgradient transport in abyssal layers},
author = {Roberts, Malcolm J. and Marshall, David P.},
journal = {Journal of Geophysical Research: Oceans},
pages = {28613--28627},
title = {{On the validity of downgradient eddy closures in ocean models}},
volume = {105},
year = {2000}
}
@misc{Lee1996,
author = {Lee, Thomas N. and Johns, William E. and Zantopp, Rainer J. and Fillenbaum, Eve R.},
booktitle = {Journal of Physical Oceanography},
pages = {962--983},
title = {{Moored Observations of Western Boundary Current Variability and Thermohaline Circulation at 26.5$^\circ$N in the Subtropical North Atlantic}},
volume = {26},
year = {1996}
}
@article{Bower2009,
author = {Bower, Amy S. and Lozier, M. Susan and Gary, Stefan F. and B{\"{o}}ning, Claus W.},
journal = {Nature},
pages = {243--247},
title = {{Interior pathways of the North Atlantic meridional overturning circulation}},
volume = {459},
year = {2009}
}
@article{Gary2011,
author = {Gary, Stefan F and Lozier, M Susan and Claus, W B and Biastoch, Arne},
journal = {Deep Sea Research Part II: Topical Studies in Oceanography},
pages = {1781--1797},
title = {{Deep-Sea Research II Deciphering the pathways for the deep limb of the Meridional Overturning Circulation}},
volume = {58(17)},
year = {2011}
}
@article{Bryden2005a,
author = {Bryden, H.L. and Johns, W.E. and Saunders, P.M.},
journal = {Journal of Marine Research},
pages = {35--57},
title = {{Deep western boundary current east of Abaco: mean structure and transport}},
volume = {63},
year = {2005}
}
@article{Lorenz1955,
author = {Lorenz, Edward N.},
journal = {Tellus},
pages = {157--167},
title = {{Available Potential Energy and the Maintenance of the General Circulation}},
volume = {7},
year = {1955}
}
@article{Spall1996,
author = {Spall, Michael A.},
journal = {Journal of Physical Oceanography},
pages = {2152--2168},
title = {{Dynamics of the Gulf Stream/Deep Western Boundary Current Crossover. Part I: Entrainment and Recirculation}},
volume = {26},
year = {1996}
}
@article{Storch2012,
author = {von Storch, Jin-Song and Eden, Carsten and Fast, Irina and Haak, Helmuth and Hern{\'{a}}ndez-Deckers, Daniel and Maier-Reimer, Ernst and Marotzke, Jochem and Stammer, Detlef},
journal = {Journal of Physical Oceanography},
pages = {2185--2205},
title = {{An Estimate of the Lorenz Energy Cycle for the World Ocean Based on the STORM/NCEP Simulation}},
volume = {42},
year = {2012}
}
@article{Abernathey2013,
author = {Abernathey, R. P. and Marshall, J.},
journal = {Journal of Geophysical Research: Oceans},
pages = {901--916},
title = {{Global surface eddy diffusivities derived from satellite altimetry}},
volume = {118},
year = {2013}
}
@article{Fox-Kemper2003,
author = {Fox-Kemper, Baylor and Ferrari, Raffaele and Pedlosky, Joseph},
journal = {Journal of Physical Oceanography},
pages = {478--483},
title = {{On the Indeterminacy of Rotational and Divergent Eddy Fluxes*}},
volume = {33},
year = {2003}
}
@article{Kanzow2006,
author = {Kanzow, Torsten and Send, Uwe and Zenk, Walter and Chave, Alan D. and Rhein, Monika},
journal = {Deep-Sea Research Part I: Oceanographic Research Papers},
pages = {528--546},
title = {{Monitoring the integrated deep meridional flow in the tropical North Atlantic: Long-term performance of a geostrophic array}},
volume = {53},
year = {2006}
}
@article{Gent1995,
author = {Gent, Peter R. and Willebrand, J{\"{u}}rgen and McDougall, Trevor J. and McWilliams, James C.},
journal = {Journal of Physical Oceanography},
pages = {463--474},
title = {{Parameterizing Eddy-Induced Tracer Transports in Ocean Circulation Models}},
volume = {25(4)},
year = {1995}
}
@article{Meinen2013,
author = {Meinen, Christopher S. and Johns, William E. and Garzoli, Silvia L. and van Sebille, Erik and Rayner, Darren and Kanzow, Torsten and Baringer, Molly O.},
journal = {Deep-Sea Research Part II: Topical Studies in Oceanography},
pages = {154--168},
publisher = {Elsevier},
title = {{Variability of the Deep Western Boundary Current at 26.5$^\circ$N during 2004-2009}},
volume = {85},
year = {2013}
}
@misc{Holland1975,
author = {Holland, William R. and Lin, Liang B.},
booktitle = {Journal of Physical Oceanography},
pages = {642--657},
title = {{On the Generation of Mesoscale Eddies and their Contribution to the OceanicGeneral Circulation. I. A Preliminary Numerical Experiment}},
volume = {5},
year = {1975}
}
@article{Schott2002,
author = {Schott, Friedrich A. and Brandt, Peter and Hamann, Meike and Fischer, J{\"{u}}rgen and Stramma, Lothar},
journal = {Geophysical Research Letters},
pages = {21--1--21--4},
title = {{On the boundary flow off Brazil at 5-10°S and its connection to the interior tropical Atlantic}},
volume = {29},
year = {2002}
}
@article{Kawase1992,
author = {Kawase, M and Rothstein, L M and Springer, S R},
journal = {Journal of Geophysical Research},
pages = {5447--5463},
title = {{Encounter of a deep western boundary current with the equator: {A} numerical spin-up experiment}},
volume = {97},
year = {1992}
}
@article{Fischer2002,
author = {Fischer, J{\"{u}}rgen and Schott, Friedrich A.},
journal = {Journal of Physical Oceanography},
pages = {573--584},
title = {{Labrador Sea Water Tracked by Profiling Floats — From the Boundary Current into the Open North Atlantic}},
volume = {32(2)},
year = {2002}
}
@article{Fine1995,
author = {Fine, Rana A},
journal = {Reviews of Geophysics},
pages = {1353--1365},
title = {{Tracers , time scales , and the thermohaline circulation : The lower limb in the North Atlantic Ocean}},
volume = {33(S2)},
year = {1995}
}
@article{Boning,
author = {B{\"{o}}ning, Claus W and D{\"{o}}scher, Ralf and Budich, Reinhard G},
journal = {Journal of Physical Oceanography},
pages = {1271--1289},
title = {{Seasonal Transport Variation in the Western Subtropical North Atlanitc: Experiments with an Eddy-resolving Model}},
volume = {21(9)},
year = {1991}
}
@article{Eden2007,
author = {Eden, Carsten and Greatbatch, Richard J. and Willebrand, J{\"{u}}rgen},
journal = {Journal of Physical Oceanography},
pages = {727--742},
title = {{A Diagnosis of Thickness Fluxes in an Eddy-Resolving Model}},
volume = {37},
year = {2007}
}
@article{Stommel1959,
author = {Stommel, Henry and Arons, A.B.},
journal = {Deep Sea Research (1953)},
pages = {140--154},
title = {{On the abyssal circulation of the world ocean—I. Stationary planetary flow patterns on a sphere}},
volume = {6},
year = {1959}
}
@article{Jayne2002,
author = {Jayne, Steven R. and Marotzke, Jochem},
journal = {Journal of Physical Oceanography},
pages = {3328--3345},
title = {{The Oceanic Eddy Heat Transport}},
volume = {32},
year = {2002}
}
@article{Olbers2012,
author = {Olbers, Dirk and Willebrand, J{\"{u}}rgen and Eden, Carsten},
publisher = {Springer Science and Business Media},
title = {{Ocean Dynamics}},
year = {2012}
}
